@article{busoniu2008comprehensive,
  title={A comprehensive survey of multiagent reinforcement learning},
  author={Busoniu, Lucian and Babuska, Robert and De Schutter, Bart},
  journal={IEEE Transactions on Systems, Man, and Cybernetics, Part C (Applications and Reviews)},
  volume={38},
  number={2},
  pages={156--172},
  year={2008},
  publisher={IEEE}
}
@article{foerster2016learning,
  title={Learning to communicate with deep multi-agent reinforcement learning},
  author={Foerster, Jakob and Assael, Ioannis Alexandros and De Freitas, Nando and Whiteson, Shimon},
  journal={Advances in neural information processing systems},
  volume={29},
  year={2016}
}
@article{barto2003recent,
  title={Recent advances in hierarchical reinforcement learning},
  author={Barto, Andrew G and Mahadevan, Sridhar},
  journal={Discrete event dynamic systems},
  volume={13},
  number={1-2},
  pages={41--77},
  year={2003},
  publisher={Springer}
}
@inproceedings{kok2005utile,
  title={Utile coordination: Learning interdependencies among cooperative agents},
  author={Kok, Jelle R and Hoen, Eter Jan and Bakker, Bram and Vlassis, Nikos},
  booktitle={EEE Symp. on Computational Intelligence and Games, Colchester, Essex},
  pages={29--36},
  year={2005}
}
@article{nedic2009distributed,
  title={Distributed subgradient methods for multi-agent optimization},
  author={Nedic, Angelia and Ozdaglar, Asuman},
  journal={IEEE Transactions on Automatic Control},
  volume={54},
  number={1},
  pages={48--61},
  year={2009},
  publisher={IEEE}
}
@inproceedings{kok2004sparse,
  title={Sparse cooperative Q-learning},
  author={Kok, Jelle R and Vlassis, Nikos},
  booktitle={Proceedings of the twenty-first international conference on Machine learning},
  pages={61},
  year={2004}
}
@article{christianos2020shared,
  title={Shared experience actor-critic for multi-agent reinforcement learning},
  author={Christianos, Filippos and Sch{\"a}fer, Lukas and Albrecht, Stefano},
  journal={Advances in neural information processing systems},
  volume={33},
  pages={10707--10717},
  year={2020}
}
@article{rashid2020monotonic,
  title={Monotonic value function factorisation for deep multi-agent reinforcement learning},
  author={Rashid, Tabish and Samvelyan, Mikayel and De Witt, Christian Schroeder and Farquhar, Gregory and Foerster, Jakob and Whiteson, Shimon},
  journal={The Journal of Machine Learning Research},
  volume={21},
  number={1},
  pages={7234--7284},
  year={2020},
  publisher={JMLRORG}
}
@article{samvelyan19smac,
  title = {{The} {StarCraft} {Multi}-{Agent} {Challenge}},
  author = {Mikayel Samvelyan and Tabish Rashid and Christian Schroeder de Witt and Gregory Farquhar and Nantas Nardelli and Tim G. J. Rudner and Chia-Man Hung and Philiph H. S. Torr and Jakob Foerster and Shimon Whiteson},
  journal = {CoRR},
  volume = {abs/1902.04043},
  year = {2019},
}
@inproceedings{liang2018rllib,
    Author = {Eric Liang and
              Richard Liaw and
              Robert Nishihara and
              Philipp Moritz and
              Roy Fox and
              Ken Goldberg and
              Joseph E. Gonzalez and
              Michael I. Jordan and
              Ion Stoica},
    Title = {{RLlib}: Abstractions for Distributed Reinforcement Learning},
    Booktitle = {International Conference on Machine Learning ({ICML})},
    Year = {2018}
}
@misc{1606.01540,
  Author = {Greg Brockman and Vicki Cheung and Ludwig Pettersson and Jonas Schneider and John Schulman and Jie Tang and Wojciech Zaremba},
  Title = {OpenAI Gym},
  Year = {2016},
  Eprint = {arXiv:1606.01540},
}
@article{christianos2022pareto,
  title={Pareto Actor-Critic for Equilibrium Selection in Multi-Agent Reinforcement Learning},
  author={Christianos, Filippos and Papoudakis, Georgios and Albrecht, Stefano V},
  journal={arXiv preprint arXiv:2209.14344},
  year={2022}
}
@article{chu2019multi,
  title={Multi-agent deep reinforcement learning for large-scale traffic signal control},
  author={Chu, Tianshu and Wang, Jie and Codec{\`a}, Lara and Li, Zhaojian},
  journal={IEEE Transactions on Intelligent Transportation Systems},
  volume={21},
  number={3},
  pages={1086--1095},
  year={2019},
  publisher={IEEE}
}
@article{de2020independent,
  title={Is independent learning all you need in the starcraft multi-agent challenge?},
  author={de Witt, Christian Schroeder and Gupta, Tarun and Makoviichuk, Denys and Makoviychuk, Viktor and Torr, Philip HS and Sun, Mingfei and Whiteson, Shimon},
  journal={arXiv preprint arXiv:2011.09533},
  year={2020}
}
@article{lowe2017multi,
  title={Multi-agent actor-critic for mixed cooperative-competitive environments},
  author={Lowe, Ryan and Wu, Yi I and Tamar, Aviv and Harb, Jean and Pieter Abbeel, OpenAI and Mordatch, Igor},
  journal={Advances in neural information processing systems},
  volume={30},
  year={2017}
}
@article{papoudakis2020benchmarking,
  title={Benchmarking multi-agent deep reinforcement learning algorithms in cooperative tasks},
  author={Papoudakis, Georgios and Christianos, Filippos and Sch{\"a}fer, Lukas and Albrecht, Stefano V},
  journal={arXiv preprint arXiv:2006.07869},
  year={2020}
}@inproceedings{iqbal2019actor,
  title={Actor-attention-critic for multi-agent reinforcement learning},
  author={Iqbal, Shariq and Sha, Fei},
  booktitle={International conference on machine learning},
  pages={2961--2970},
  year={2019},
  organization={PMLR}
}
@inproceedings{lohse2021implementing,
  title={Implementing an online scheduling approach for production with multi agent proximal policy optimization (MAPPO)},
  author={Lohse, Oliver and P{\"u}tz, Noah and H{\"o}rmann, Korbinian},
  booktitle={Advances in Production Management Systems. Artificial Intelligence for Sustainable and Resilient Production Systems: IFIP WG 5.7 International Conference, APMS 2021, Nantes, France, September 5--9, 2021, Proceedings, Part V},
  pages={586--595},
  year={2021},
  organization={Springer}
}
@article{papoudakis2020benchmarking,
  title={Benchmarking multi-agent deep reinforcement learning algorithms in cooperative tasks},
  author={Papoudakis, Georgios and Christianos, Filippos and Sch{\"a}fer, Lukas and Albrecht, Stefano V},
  journal={arXiv preprint arXiv:2006.07869},
  year={2020}
}